% Encoding: UTF-8

@Article{Kassner2006,
  author       = {Joshua Kassner},
  journaltitle = {Journal of Political Philosophy},
  title        = {Debate: Is Everything Really Up for Grabs? The Relationship between Democratic Values and a Democratic Process},
  doi          = {10.1111/j.1467-9760.2006.00261.x},
  number       = {4},
  pages        = {482--494},
  volume       = {14},
  month        = {12},
  publisher    = {Wiley},
  year         = {2006},
}

@Article{Habermas1994,
  author       = {Jürgen Habermas},
  journaltitle = {Constellations},
  title        = {Three Normative Models of Democracy},
  doi          = {10.1111/j.1467-8675.1994.tb00001.x},
  number       = {1},
  pages        = {1--10},
  volume       = {1},
  month        = {12},
  publisher    = {Wiley},
  year         = {1994},
}

@Article{Rawls1997,
  author       = {John Rawls},
  journaltitle = {The University of Chicago Law Review},
  title        = {The Idea of Public Reason Revisited},
  doi          = {10.2307/1600311},
  number       = {3},
  pages        = {765},
  volume       = {64},
  publisher    = {{JSTOR}},
  year         = {1997},
}

@Misc{Condorcet1789,
  author = {Marie-Jean-Antoin Nicolas de Caritat, Marquis de Condorcet},
  title  = {On the Admission of Women to the Rights of Citizenship},
  year   = {1789},
}

@Booklet{Condorcet1781,
  author = {Marie-Jean-Antoin Nicolas de Caritat, Marquis de Condorcet},
  title  = {Reflexion Sur L'esclavage Des Négres},
  year   = {1781},
}

@Article{Estlund2008,
  author       = {David Estlund},
  journaltitle = {Episteme},
  title        = {Introduction: Epistemic Approaches to Democracy},
  doi          = {10.3366/e1742360008000191},
  number       = {1},
  pages        = {1--4},
  volume       = {5},
  month        = {2},
  publisher    = {Cambridge University Press ({CUP})},
  year         = {2008},
}

@Article{Waldron1998,
  author       = {J. Waldron},
  journaltitle = {Journal of Political Philosophy},
  title        = {Judicial Review and the Conditions of Democracy},
  doi          = {10.1111/1467-9760.00058},
  number       = {4},
  pages        = {335--355},
  volume       = {6},
  month        = {12},
  publisher    = {Wiley},
  year         = {1998},
}

@Article{Yastrebtseva2015,
  author       = {Anastasia V. Yastrebtseva},
  date         = {2015-04-05},
  journaltitle = {{SSRN} Electronic Journal},
  title        = {The Doctrine of Public Education of Condorcet in Light of the Discussion on Women{\textquotesingle}s Rights and Slavery at the Beginning of the Third Republic},
  doi          = {10.2139/ssrn.2589539},
  eprint       = {ssrn:2589539},
  publisher    = {Elsevier {BV}},
}

@Book{Nozick1983,
  author    = {Nozick, Robert},
  date      = {1983-03-17},
  title     = {Philosophical Explanations},
  isbn      = {0674664795},
  pagetotal = {784},
  publisher = {Harvard University Press},
  url       = {https://www.ebook.de/de/product/3636337/robert_nozick_philosophical_explanations.html},
  ean       = {9780674664791},
  year      = {1983},
}

@Book{Tocqueville2010,
  author     = {Tocqueville, Alexis de},
  title      = {Democracy in America : historical-critical edition of De la démocratie en Amérique},
  editor     = {Eduardo Nolla},
  isbn       = {9780865977211},
  publisher  = {Liberty Fund},
  translator = {James T. Schleifer},
  address    = {Indianapolis},
  year       = {2010},
}

@Comment{jabref-meta: databaseType:biblatex;}
