% Encoding: UTF-8

@Article{Meek1994,
  author       = {B. L. Meek},
  journaltitle = {Voting Matters},
  title        = {A New Approach to the Single Transferable Vote, Part I},
  eprint       = {http://www.votingmatters.org.uk/ISSUE1/P1.HTM},
  issue        = {1},
  keywords     = {social choice, voting, single transferable vote, proportional voting},
  month        = {3},
  year         = {1994},
}

@Article{Meek1994a,
  author       = {B. L. Meek},
  journaltitle = {Voting Matters},
  title        = {A New Approach to the Single Transferable Vote, Part II},
  eprint       = {http://www.votingmatters.org.uk/ISSUE1/P2.HTM},
  issue        = {1},
  keywords     = {social choice, voting, single transferable vote, proportional voting},
  month        = {3},
  year         = {1994},
}

@Article{Schulze2011,
  author       = {Schulze, Markus},
  date         = {2010-07-11},
  journaltitle = {Social Choice and Welfare},
  title        = {A new monotonic, clone-independent, reversal symmetric, and condorcet-consistent single-winner election method},
  doi          = {10.1007/s00355-010-0475-4},
  number       = {2},
  pages        = {267--303},
  volume       = {36},
  keywords     = {social choice, voting, condorcet},
}

@InCollection{Tideman2019,
  author    = {Tideman, Nicolaus},
  booktitle = {The Oxford Handbook of Public Choice},
  title     = {How Should Votes Be Cast and Counted?},
  doi       = {10.1093/oxfordhb/9780190469771.013.1},
  editor    = {Congleton, Roger D. and Grofman, Bernard and Voigt, Stefan},
  pages     = {4--23},
  publisher = {Oxford University Press},
  url       = {https://www.oxfordhandbooks.com/view/10.1093/oxfordhb/9780190469771.001.0001/oxfordhb-9780190469771-e-1},
  volume    = {2},
  keywords  = {social choice, voting, condorcet},
  month     = {2},
  year      = {2019},
}

@Article{Hill2006,
  author       = {David Hill},
  journaltitle = {Voting Matters},
  title        = {Implementing STV by Meek's Method},
  eprint       = {http://www.votingmatters.org.uk/ISSUE22/I22P2.pdf},
  issue        = {22},
  pages        = {7--10},
  keywords     = {social choice, voting, single transferable vote, proportional voting},
  month        = {7},
  year         = {2006},
}

@Article{Hill2005,
  author       = {Hill, David and Warren, C. H. E.},
  journaltitle = {Voting Matters},
  title        = {Meek versus Warren},
  eprint       = {http://www.votingmatters.org.uk/ISSUE20/I20P1.PDF},
  issue        = {20},
  pages        = {1--5},
  keywords     = {social choice, voting, single transferable vote, proportional voting},
  month        = {6},
  year         = {2005},
}

@Online{Lundell2010,
  author       = {Lundell, Jonathan},
  title        = {Reference Meek's Rule},
  url          = {https://prfound.org/resources/reference/reference-meek-rule/},
  organization = {Proportional Representation Foundation},
  keywords     = {social choice, voting, single transferable vote, proportional voting},
  year         = {2010},
}

@Book{Heckelman2015,
  title     = {Handbook of Social Choice and Voting},
  doi       = {10.4337/9781783470730},
  editor    = {Jac C. Heckelman and Nicholas R. Miller},
  isbn      = {9781783470723},
  language  = {eng},
  publisher = {Edward Elgar Publishing},
  comment   = {edited by Jac C. Heckelman, Professor of Economics, Wake Forest University, USA, Nicholas R. Miller, Research Professor of Political Science, University of Maryland Baltimore County, USA.},
  issuance  = {monographic},
  keywords  = {social choice, voting, condorcet},
  lccn      = {2015945454},
  oclc      = {ocn908681718},
  source    = {CDX},
  year      = {2015},
}

@Article{Reilly2002,
  author       = {Benjamin Reilly},
  journaltitle = {International Political Science Review},
  title        = {Social Choice in the South Seas: Electoral Innovation and the Borda Count in the Pacific Island Countries},
  number       = {4},
  pages        = {355--372},
  volume       = {23},
  keywords     = {social choice, voting, condorcet},
  year         = {2002},
}

@InProceedings{Hudry2006,
  author       = {Oliver Hudry},
  booktitle    = {DIMACS/LAMSADE Workshop on Voting Theory and Preference Modelling},
  title        = {On the difficulty of computing the winners of a tournament},
  organization = {Center for Discrete Mathematics and Theoretical Computer Science},
  url          = {http://archive.dimacs.rutgers.edu/Workshops/DecisionTheory2/Hudry.pdf},
  comment      = {http://archive.dimacs.rutgers.edu/Workshops/DecisionTheory2/program.html},
  keywords     = {social choice, voting, condorcet},
  year         = {2006},
}

@Article{Zavist1989,
  author       = {T. M. Zavist and T. N. Tideman},
  journaltitle = {Social Choice and Welfare},
  title        = {Complete independence of clones in the ranked pairs rule},
  doi          = {10.1007/bf00303170},
  number       = {2},
  pages        = {167--173},
  volume       = {6},
  keywords     = {social choice, voting, condorcet},
  month        = {4},
  publisher    = {Springer Science and Business Media {LLC}},
  year         = {1989},
}

@Article{Tideman1987,
  author       = {T. N. Tideman},
  journaltitle = {Social Choice and Welfare},
  title        = {Independence of clones as a criterion for voting rules},
  doi          = {10.1007/bf00433944},
  number       = {3},
  pages        = {185--206},
  volume       = {4},
  keywords     = {social choice, voting, condorcet},
  month        = {9},
  publisher    = {Springer Science and Business Media {LLC}},
  year         = {1987},
}

@Article{GreenArmytage2019,
  author       = {James Green-Armytage and T. Nicolaus Tideman},
  date         = {2019-06-27},
  journaltitle = {Public Choice},
  title        = {Selecting the runoff pair},
  doi          = {10.1007/s11127-019-00673-9},
  number       = {1-2},
  pages        = {119--137},
  volume       = {182},
  comment      = {http://jamesgreenarmytage.com/runoff.pdf},
  keywords     = {social choice, voting, condorcet},
  month        = {6},
  publisher    = {Springer Science and Business Media {LLC}},
  year         = {2019},
}

@Article{GreenArmytage2015,
  author    = {James Green-Armytage and T. Nicolaus Tideman and Rafael Cosman},
  title     = {Statistical evaluation of voting rules},
  doi       = {10.1007/s00355-015-0909-0},
  number    = {1},
  pages     = {183--212},
  volume    = {46},
  journal   = {Social Choice and Welfare},
  keywords  = {social choice, voting, condorcet},
  month     = {8},
  publisher = {Springer Science and Business Media {LLC}},
  year      = {2015},
}

@Book{Tideman2006,
  author    = {Tideman, Nicolaus},
  title     = {Collective decisions and voting},
  isbn      = {9780754647171},
  language  = {eng},
  publisher = {Ashgate},
  url       = {http://www.loc.gov/catdir/toc/ecip0617/2006021134.html},
  comment   = {Nicolaus Tideman., Includes bibliographical references (p. [327]-331) and index.},
  issuance  = {monographic},
  keywords  = {Voting, Group decision making, social choice, condorcet},
  lccn      = {2006021134},
  oclc      = {ocm70334914},
  source    = {DLC},
  year      = {2006},
}

@Online{AccDemEfficiency,
  title        = {Compare One-WinnerVoting Systems},
  url          = {https://www.accuratedemocracy.com/c_data.htm},
  organization = {Accurate Democracy},
  urldate      = {2021-02-03},
  keywords     = {social choice, voting, condorcet, score voting},
}

@Book{Merrill2014,
  author    = {Merrill, Samuel},
  date      = {2014-07-14},
  title     = {Making Multicandidate Elections More Democratic},
  isbn      = {0691604622},
  pagetotal = {172},
  publisher = {Princeton University Press},
  ean       = {9780691604626},
  keywords  = {social choice, voting, condorcet, score voting},
  year      = {2014},
}

@Article{Baujard2014,
  author       = {Antoinette Baujard and Herrade Igersheim and Isabelle Lebon and Fr{\'{e}}d{\'{e}}ric Gavrel and Jean-Fran{\c{c}}ois Laslier},
  journaltitle = {Electoral Studies},
  title        = {Who's favored by evaluative voting? An experiment conducted during the 2012 French presidential election},
  doi          = {10.1016/j.electstud.2013.11.003},
  issn         = {0621-3794},
  pages        = {131--145},
  volume       = {34},
  keywords     = {score voting},
  month        = {6},
  publisher    = {Elsevier {BV}},
  year         = {2014},
}

@Article{Feddersen2009,
  author       = {Timothy Feddersen and Sean Gailmard and Alvaro Sandroni},
  journaltitle = {American Political Science Review},
  title        = {Moral Bias in Large Elections: Theory and Experimental Evidence},
  doi          = {10.1017/s0003055409090224},
  number       = {2},
  pages        = {175--192},
  volume       = {103},
  keywords     = {score voting},
  month        = {5},
  publisher    = {Cambridge University Press ({CUP})},
  year         = {2009},
}

@Article{GreenArmytage2011,
  author       = {James Green-Armytage},
  journaltitle = {Voting Matters},
  title        = {Four Condorcet-Hare Hybrid Methods for Single-Winner Elections},
  url          = {http://www.votingmatters.org.uk/ISSUE29/I29P1.pdf},
  volume       = {29},
  keywords     = {social choice, voting, condorcet},
  month        = {10},
  year         = {2011},
}

@Article{Geller2005,
  author       = {Chris Geller},
  date         = {2005-06},
  journaltitle = {Electoral Studies},
  title        = {Single transferable vote with Borda elimination: proportional representation, moderation, quasi-chaos and stability},
  doi          = {10.1016/j.electstud.2004.06.004},
  number       = {2},
  pages        = {265--280},
  volume       = {24},
  publisher    = {Elsevier {BV}},
}

@Article{Swenson2007,
  author       = {Katherine M. Swenson},
  journaltitle = {Minnesota Journal of International Law},
  title        = {Sticks, Carrots, Donkey Votes, and True Choice: A Rationale for Abolishing Compulsory Voting in Australia},
  eprint       = {https://scholarship.law.umn.edu/mjil/108/},
  number       = {2},
  pages        = {525--552},
  volume       = {16},
  year         = {2007},
}

@Comment{jabref-meta: databaseType:biblatex;}
